<record><leader>00000cas a22000007a 4500</leader><controlfield tag="001">52521875</controlfield><controlfield tag="008">030630c20039999vaumr ne      0    0eng d</controlfield><datafield ind1=" " ind2=" " tag="010"><subfield code="a">sn2003061704</subfield></datafield><datafield ind1=" " ind2=" " tag="040"><subfield code="a">NVK</subfield><subfield code="b">eng</subfield><subfield code="c">NVK</subfield><subfield code="d">OCLCQ</subfield><subfield code="d">NVK</subfield><subfield code="d">OCLCF</subfield><subfield code="d">OCLCO</subfield></datafield><datafield ind1="1" ind2=" " tag="029"><subfield code="a">AU@</subfield><subfield code="b">000024759344</subfield></datafield><datafield ind1=" " ind2=" " tag="042"><subfield code="a">msc</subfield></datafield><datafield ind1=" " ind2=" " tag="043"><subfield code="a">n-us-va</subfield></datafield><datafield ind1="0" ind2="0" tag="245"><subfield code="a">Buckingham beacon.</subfield></datafield><datafield ind1=" " ind2=" " tag="260"><subfield code="a">Scottsville, Va. :</subfield><subfield code="b">Valley Pub. Corp.,</subfield><subfield code="c">2003-</subfield></datafield><datafield ind1=" " ind2=" " tag="300"><subfield code="a">v. :</subfield><subfield code="b">ill. ;</subfield><subfield code="c">36 cm.</subfield></datafield><datafield ind1=" " ind2=" " tag="300"><subfield code="a">Monthly.</subfield></datafield><datafield ind1="0" ind2=" " tag="362"><subfield code="a">Vol. 1, no. 1 (June, 2003)-</subfield></datafield><datafield ind1=" " ind2=" " tag="500"><subfield code="a">Valley Publishing Corp. also publishes: the Fluvanna Review, the Scottsville Monthly and OC Magazine.</subfield></datafield><datafield ind1=" " ind2="0" tag="651"><subfield code="a">Buckingham County (Va.)</subfield><subfield code="v">Newspapers.</subfield></datafield><datafield ind1=" " ind2="7" tag="655"><subfield code="a">Newspapers.</subfield><subfield code="2">fast</subfield><subfield code="0">(OCoLC)fst01423814</subfield></datafield><datafield ind1=" " ind2="7" tag="651"><subfield code="a">Virginia</subfield><subfield code="z">Buckingham County.</subfield><subfield code="2">fast</subfield><subfield code="0">(OCoLC)fst01225767</subfield></datafield><datafield ind1=" " ind2=" " tag="752"><subfield code="a">United States</subfield><subfield code="b">Virginia</subfield><subfield code="c">Albemarle</subfield><subfield code="d">Scottsville.</subfield></datafield></record>